% Example template for a standard reference
% Plz follow 'dis >:~3{)

@misc{example,
    author    = "Donald Knuth",
    title     = "Knuth: Computers and Typesetting",
    howpublished = {\url{www.poopshizzle.com}},
    note = {Accessed: 2016-05-26}
}

@manual{NokiaDisplay,
organization  = "Phillips Semiconductors",
title         = "PCD8544 48 x 84 pixels matrix LCD controller/driver",
number        = "TJA1043",
year          =  1999,
month         =  4
}
